<?xml version="1.0" encoding="UTF-8"?><collection xmlns="http://www.loc.gov/MARC21/slim"><record><leader>00436nam--2200133-i-4500</leader><controlfield tag="001">000002318</controlfield><controlfield tag="002">20161230</controlfield><controlfield tag="005">20161230201025</controlfield><controlfield tag="008">060222s1000------------r-----000-0-eng-d</controlfield><datafield ind1=" " ind2=" " tag="100"><subfield code="a">Fintescu, Radu</subfield></datafield><datafield ind1=" " ind2=" " tag="245"><subfield code="a">Sahazizian, lanis</subfield></datafield><datafield ind1=" " ind2=" " tag="260"><subfield code="a">Metode Noi De Executie A Elementelor De Legatura Pentru Conducte</subfield></datafield><datafield ind1=" " ind2=" " tag="490"><subfield code="a">Bucuresti, Centrul De Documentare Pentru Constructii, Arhitectura Si Sistematizare, 1971. 21 P</subfield></datafield><datafield ind1=" " ind2=" " tag="852"><subfield code="a">621.774:62.46</subfield></datafield></record></collection>